<?xml version="1.0" encoding="utf-8"?>
<collection xmlns="http://www.loc.gov/MARC21/slim">
<record>
<leader>01014cam a22003131  4500</leader>
<controlfield tag="001">u100221</controlfield>
<controlfield tag="001">ocm00302717</controlfield>
<controlfield tag="003">SIRSI</controlfield>
<controlfield tag="005">19850911192534.0</controlfield>
<controlfield tag="008">850725s1968    nyu    j      00001 engm </controlfield>
<datafield tag="010" ind1=" " ind2=" ">
<subfield code="a">   68028750 /AC/r85</subfield>
</datafield>
<datafield tag="035" ind1=" " ind2=" ">
<subfield code="a">(Sirsi) AAK-6988</subfield>
</datafield>
<datafield tag="040" ind1=" " ind2=" ">
<subfield code="a">DLC</subfield>
<subfield code="c">DLC</subfield>
<subfield code="d">m.c.</subfield>
<subfield code="d">NLS</subfield>
</datafield>
<datafield tag="049" ind1=" " ind2=" ">
<subfield code="a">NLSC</subfield>
</datafield>
<datafield tag="050" ind1="0" ind2=" ">
<subfield code="a">PZ7.W473</subfield>
<subfield code="b">Dr</subfield>
</datafield>
<datafield tag="082" ind1=" " ind2=" ">
<subfield code="a">[Fic]</subfield>
</datafield>
<datafield tag="099" ind1=" " ind2=" ">
<subfield code="a">W498dr</subfield>
</datafield>
<datafield tag="100" ind1="1" ind2=" ">
<subfield code="a">Wersba, Barbara.</subfield>
<subfield code="w">cn.</subfield>
</datafield>
<datafield tag="245" ind1="1" ind2="4">
<subfield code="a">The dream watcher.</subfield>
</datafield>
<datafield tag="250" ind1=" " ind2=" ">
<subfield code="a">[1st ed.]</subfield>
</datafield>
<datafield tag="260" ind1="0" ind2=" ">
<subfield code="a">New York,</subfield>
<subfield code="b">Atheneum,</subfield>
<subfield code="c">1968.</subfield>
</datafield>
<datafield tag="300" ind1=" " ind2=" ">
<subfield code="a">171 p.</subfield>
<subfield code="c">22 cm.</subfield>
</datafield>
<datafield tag="520" ind1=" " ind2=" ">
<subfield code="a">A teenager considers himself the "All-American" failure until he meets an eccentric old lady who helps him to see the true value of being an individual.</subfield>
</datafield>
<datafield tag="596" ind1=" " ind2=" ">
<subfield code="a">2</subfield>
</datafield>
<datafield tag="948" ind1=" " ind2=" ">
<subfield code="a">01/27/1995</subfield>
<subfield code="b">09/26/1995</subfield>
</datafield>
<datafield tag="918" ind1=" " ind2=" ">
<subfield code="a">100221</subfield>
</datafield>
<datafield tag="019" ind1=" " ind2=" ">
<subfield code="a">472264</subfield>
<subfield code="a">9658725</subfield>
</datafield>
<datafield tag="059" ind1=" " ind2=" ">
<subfield code="l">LIB SCI/FIC</subfield>
<subfield code="t">BOOK</subfield>
<subfield code="k">REGULAR</subfield>
<subfield code="i">3213000148110</subfield>
<subfield code="n">DD</subfield>
<subfield code="p">FIC.</subfield>
<subfield code="a">W498r</subfield>
<subfield code="m">1</subfield>
</datafield>
<datafield tag="999" ind1=" " ind2=" ">
<subfield code="a">FIC W498r</subfield>
<subfield code="w">DEWEY</subfield>
<subfield code="c">1</subfield>
<subfield code="i">3213000148110</subfield>
<subfield code="d">11/6/1995</subfield>
<subfield code="l">FICTION</subfield>
<subfield code="m">SLIS</subfield>
<subfield code="n">1</subfield>
<subfield code="r">Y</subfield>
<subfield code="s">Y</subfield>
<subfield code="t">BOOK</subfield>
<subfield code="u">2/3/1995</subfield>
<subfield code="x">FICTION</subfield>
</datafield>
</record>